<?xml version="1.0" encoding="UTF-8"?><record xmlns="http://www.loc.gov/MARC21/slim" xmlns:cinclude="http://apache.org/cocoon/include/1.0" xmlns:zs="http://www.loc.gov/zing/srw/">
  <leader>00746cz  a2200169n  4500</leader>
  <controlfield tag="001">n  00087683 </controlfield>
  <controlfield tag="003">DLC</controlfield>
  <controlfield tag="005">20110316074621.0</controlfield>
  <controlfield tag="008">000504n| acannaabn          |a ana      </controlfield>
  <datafield tag="010" ind1=" " ind2=" ">
    <subfield code="a">n  00087683 </subfield>
  </datafield>
  <datafield tag="035" ind1=" " ind2=" ">
    <subfield code="a">(OCoLC)oca05213091</subfield>
  </datafield>
  <datafield tag="040" ind1=" " ind2=" ">
    <subfield code="a">DLC</subfield>
    <subfield code="b">eng</subfield>
    <subfield code="c">DLC</subfield>
    <subfield code="d">InU</subfield>
  </datafield>
  <datafield tag="110" ind1="2" ind2=" ">
    <subfield code="a">Tartu Ülikool.</subfield>
    <subfield code="b">Sotsiaalteaduskond</subfield>
  </datafield>
  <datafield tag="410" ind1="2" ind2=" ">
    <subfield code="a">Tartu Ülikool.</subfield>
    <subfield code="b">Faculty of Social Sciences</subfield>
  </datafield>
  <datafield tag="510" ind1="2" ind2=" ">
    <subfield code="w">b</subfield>
    <subfield code="a">Tartu Ülikool.</subfield>
    <subfield code="b">Sotsiaal- ja haridusteaduskond</subfield>
  </datafield>
  <datafield tag="670" ind1=" " ind2=" ">
    <subfield code="a">Tartu University Home Page, May 4, 2000</subfield>
    <subfield code="b">(Tartu Ülikool, Sotsiaalteaduskond; Faculty of Social Sciences)</subfield>
  </datafield>
  <datafield tag="670" ind1=" " ind2=" ">
    <subfield code="a">Tartu Ülikool website, March 14, 2011</subfield>
    <subfield code="b">faculty list (Sotsiaal- ja haridusteaduskond) faculty page English version (Tartu University, Faculty of Social Sciences and Education)</subfield>
  </datafield>
</record>